<record><leader>00000cas a22000007a 4500</leader><controlfield tag="001">11887466</controlfield><controlfield tag="008">850404c19309999wiuwr ne      0    0eng d</controlfield><datafield ind1=" " ind2=" " tag="010"><subfield code="a">sn 85040395 </subfield></datafield><datafield ind1=" " ind2=" " tag="040"><subfield code="a">NPV</subfield><subfield code="b">eng</subfield><subfield code="c">NPV</subfield><subfield code="d">OCLCQ</subfield></datafield><datafield ind1=" " ind2=" " tag="042"><subfield code="a">msc</subfield></datafield><datafield ind1=" " ind2=" " tag="043"><subfield code="a">n-us-wi</subfield></datafield><datafield ind1=" " ind2=" " tag="045"><subfield code="a">x3--</subfield></datafield><datafield ind1=" " ind2=" " tag="052"><subfield code="a">4123</subfield><subfield code="b">D3</subfield></datafield><datafield ind1="0" ind2="0" tag="245"><subfield code="a">Middleton times-tribune.</subfield></datafield><datafield ind1="1" ind2="7" tag="246"><subfield code="a">Middleton times herald</subfield></datafield><datafield ind1="1" ind2="7" tag="246"><subfield code="a">Times-tribune</subfield></datafield><datafield ind1=" " ind2=" " tag="260"><subfield code="a">Middleton, Wis. :</subfield><subfield code="b">T.R. Daniels,</subfield><subfield code="c">1930-</subfield></datafield><datafield ind1=" " ind2=" " tag="300"><subfield code="a">v. :</subfield><subfield code="b">ill.</subfield></datafield><datafield ind1=" " ind2=" " tag="310"><subfield code="a">Weekly</subfield></datafield><datafield ind1="0" ind2=" " tag="362"><subfield code="a">Vol. 36, no. 35 (Mar. 28, 1930)-</subfield></datafield><datafield ind1=" " ind2=" " tag="500"><subfield code="a">Editors: T.R. Daniels, Nov. 28, 1930-Sept. 25, 1958; R.E. Anderson, Oct. 2, 1958-Dec. 4, 1958; L.E. Duren, Dec. 11, 1958-June 1, 1967; A. Gaylor, Jule 8, 1967-Dec. 14, 1969; V.B. Haugen, Jan. 8, 1970-Dec. 14, 1978; N. Kunde, Dec. 21, 1978-July 29, 1982; E. Olsen, Aug. 5, 1982-July 21, 1983; J. Olson, Aug. 4, 1983-Jan. 17, 1985; S.L. Klamer, Jan. 24, 1985-</subfield></datafield><datafield ind1=" " ind2=" " tag="530"><subfield code="a">Available on microfilm from The State Historical Society of Wisconsin.</subfield></datafield><datafield ind1=" " ind2=" " tag="752"><subfield code="a">United States</subfield><subfield code="b">Wisconsin</subfield><subfield code="c">Dane</subfield><subfield code="d">Middleton.</subfield></datafield><datafield ind1="0" ind2="4" tag="780"><subfield code="t">Middleton times-herald</subfield><subfield code="w">(DLC)sn 85040393</subfield></datafield><datafield ind1="0" ind2="4" tag="780"><subfield code="t">Waunakee tribune</subfield></datafield><datafield ind1="1" ind2=" " tag="029"><subfield code="a">AU@</subfield><subfield code="b">000025800236</subfield></datafield></record>